<record><leader>00000cas a22000007a 4500</leader><controlfield tag="001">9722937</controlfield><controlfield tag="008">830721c19839999gauwr ne      0   a0eng d</controlfield><datafield ind1=" " ind2=" " tag="010"><subfield code="a">sn 83008195 </subfield></datafield><datafield ind1=" " ind2=" " tag="040"><subfield code="a">NSD</subfield><subfield code="b">eng</subfield><subfield code="c">NSD</subfield><subfield code="d">NLG</subfield><subfield code="d">GUA</subfield><subfield code="d">OCLCQ</subfield><subfield code="d">OCLCF</subfield><subfield code="d">OCLCO</subfield></datafield><datafield ind1=" " ind2=" " tag="012"><subfield code="m">1</subfield></datafield><datafield ind1="1" ind2=" " tag="022"><subfield code="a">0746-0716</subfield><subfield code="l">0746-0716</subfield><subfield code="2">1</subfield></datafield><datafield ind1="1" ind2=" " tag="029"><subfield code="a">AU@</subfield><subfield code="b">000020290808</subfield></datafield><datafield ind1=" " ind2=" " tag="032"><subfield code="a">005440</subfield><subfield code="b">USPS</subfield></datafield><datafield ind1=" " ind2=" " tag="037"><subfield code="b">Cook Publishing Co., Inc., 131 S. Hutchinson Ave., Adel, GA 31620</subfield></datafield><datafield ind1=" " ind2=" " tag="042"><subfield code="a">nsdp</subfield></datafield><datafield ind1=" " ind2=" " tag="043"><subfield code="a">n-us-ga</subfield></datafield><datafield ind1=" " ind2="0" tag="222"><subfield code="a">Adel news tribune</subfield></datafield><datafield ind1="0" ind2="0" tag="245"><subfield code="a">Adel news-tribune.</subfield></datafield><datafield ind1=" " ind2=" " tag="260"><subfield code="a">Adel, Ga. :</subfield><subfield code="b">Cook Pub. Co.,</subfield><subfield code="c">[1983]-</subfield></datafield><datafield ind1=" " ind2=" " tag="300"><subfield code="a">v.</subfield></datafield><datafield ind1=" " ind2=" " tag="310"><subfield code="a">Weekly</subfield></datafield><datafield ind1="0" ind2=" " tag="362"><subfield code="a">Vol. 95, no. 1 (July 6, 1983)-</subfield></datafield><datafield ind1=" " ind2=" " tag="530"><subfield code="a">Also on microfilm: Athens, Ga. : University of Georgia Libraries.</subfield></datafield><datafield ind1=" " ind2=" " tag="580"><subfield code="a">Formed by the union of: Adel news, and: Cook County tribune.</subfield></datafield><datafield ind1=" " ind2=" " tag="588"><subfield code="a">Latest issue consulted: July 6, 1983.</subfield></datafield><datafield ind1=" " ind2="0" tag="651"><subfield code="a">Adel (Ga.)</subfield><subfield code="v">Newspapers.</subfield></datafield><datafield ind1=" " ind2="0" tag="651"><subfield code="a">Cook County (Ga.)</subfield><subfield code="v">Newspapers.</subfield></datafield><datafield ind1=" " ind2="7" tag="655"><subfield code="a">Newspapers.</subfield><subfield code="2">fast</subfield><subfield code="0">(OCoLC)fst01423814</subfield></datafield><datafield ind1=" " ind2="7" tag="651"><subfield code="a">Georgia</subfield><subfield code="z">Adel.</subfield><subfield code="2">fast</subfield><subfield code="0">(OCoLC)fst01217262</subfield></datafield><datafield ind1=" " ind2="7" tag="651"><subfield code="a">Georgia</subfield><subfield code="z">Cook County.</subfield><subfield code="2">fast</subfield><subfield code="0">(OCoLC)fst01211779</subfield></datafield><datafield ind1=" " ind2=" " tag="752"><subfield code="a">United States</subfield><subfield code="b">Georgia</subfield><subfield code="c">Cook</subfield><subfield code="d">Adel.</subfield></datafield><datafield ind1="1" ind2="4" tag="780"><subfield code="t">Adel news</subfield><subfield code="w">(DLC)sn 88054040</subfield><subfield code="w">(OCoLC)18702327</subfield></datafield><datafield ind1="1" ind2="4" tag="780"><subfield code="t">Cook County tribune</subfield><subfield code="w">(DLC)sn 88054041</subfield><subfield code="w">(OCoLC)18702231</subfield></datafield></record>